<record><leader>00000cas a2200000 a 4500</leader><controlfield tag="001">6228404</controlfield><controlfield tag="008">800421c18919999nyudr ne      0    0eng c</controlfield><datafield ind1=" " ind2=" " tag="010"><subfield code="a">sn 83030792 </subfield><subfield code="z">sn 84020777 </subfield></datafield><datafield ind1=" " ind2=" " tag="040"><subfield code="a">XFM</subfield><subfield code="b">eng</subfield><subfield code="c">XFM</subfield><subfield code="d">NPU</subfield><subfield code="d">NPX</subfield><subfield code="d">OCL</subfield><subfield code="d">YOX</subfield><subfield code="d">NYS</subfield><subfield code="d">DLC</subfield><subfield code="d">NYS</subfield><subfield code="d">DLC</subfield><subfield code="d">OCLCQ</subfield><subfield code="d">KRTAS</subfield><subfield code="d">OCLCQ</subfield><subfield code="d">OCLCF</subfield><subfield code="d">OCLCO</subfield></datafield><datafield ind1=" " ind2=" " tag="019"><subfield code="a">11542349</subfield></datafield><datafield ind1=" " ind2=" " tag="032"><subfield code="a">973240</subfield><subfield code="b">USPS</subfield></datafield><datafield ind1=" " ind2=" " tag="037"><subfield code="b">Times-Union, News Plaza, Box 1500, Albany, N.Y. 12212</subfield></datafield><datafield ind1=" " ind2=" " tag="042"><subfield code="a">pcc</subfield></datafield><datafield ind1=" " ind2=" " tag="043"><subfield code="a">n-us-ny</subfield></datafield><datafield ind1="0" ind2="0" tag="050"><subfield code="a">Newspaper</subfield></datafield><datafield ind1="0" ind2=" " tag="130"><subfield code="a">Times-union (Albany, N.Y.)</subfield></datafield><datafield ind1="1" ind2="4" tag="245"><subfield code="a">The times-union.</subfield></datafield><datafield ind1="1" ind2=" " tag="246"><subfield code="i">Issued on Sunday as:</subfield><subfield code="a">Sunday times union</subfield></datafield><datafield ind1="1" ind2=" " tag="246"><subfield code="i">Issued with title in masthead:</subfield><subfield code="a">Times-union, out of town news</subfield><subfield code="f">&lt;Nov. 19, 1925&gt;</subfield></datafield><datafield ind1=" " ind2=" " tag="260"><subfield code="a">Albany, N.Y. :</subfield><subfield code="b">John H. Farrell,</subfield><subfield code="c">1891-</subfield></datafield><datafield ind1=" " ind2=" " tag="300"><subfield code="a">v. :</subfield><subfield code="b">ill. (some col.) ;</subfield><subfield code="c">60 cm.</subfield></datafield><datafield ind1=" " ind2=" " tag="310"><subfield code="a">Daily,</subfield><subfield code="b">1929-</subfield></datafield><datafield ind1=" " ind2=" " tag="321"><subfield code="a">Daily (except Sunday),</subfield><subfield code="b">1891-1929</subfield></datafield><datafield ind1="0" ind2=" " tag="362"><subfield code="a">36th year (Nov. 17, 1891)-</subfield></datafield><datafield ind1=" " ind2=" " tag="500"><subfield code="a">Special 64 p. Albany 250th Anniversary ed. published: July 20, 1936.</subfield></datafield><datafield ind1=" " ind2=" " tag="515"><subfield code="a">Continues numbering of the Albany times (Albany, N.Y.).</subfield></datafield><datafield ind1=" " ind2=" " tag="530"><subfield code="a">Available on microfilm from University Microfilms International.</subfield></datafield><datafield ind1=" " ind2=" " tag="580"><subfield code="a">Merger of: Albany times (Albany, N.Y.); and: Evening union (Albany, N.Y.).</subfield></datafield><datafield ind1=" " ind2=" " tag="580"><subfield code="a">Weekly eds.: Albany weekly times, 1891-1908; Capital region TU, &lt;1997-1998&gt;.</subfield></datafield><datafield ind1=" " ind2=" " tag="588"><subfield code="a">Latest issue consulted: Jan. 10, 2001.</subfield></datafield><datafield ind1=" " ind2="0" tag="651"><subfield code="a">Albany (N.Y.)</subfield><subfield code="v">Newspapers.</subfield></datafield><datafield ind1=" " ind2="0" tag="651"><subfield code="a">Albany County (N.Y.)</subfield><subfield code="v">Newspapers.</subfield></datafield><datafield ind1=" " ind2="7" tag="655"><subfield code="a">Newspapers.</subfield><subfield code="2">fast</subfield><subfield code="0">(OCoLC)fst01423814</subfield></datafield><datafield ind1=" " ind2="7" tag="651"><subfield code="a">New York (State)</subfield><subfield code="z">Albany.</subfield><subfield code="2">fast</subfield><subfield code="0">(OCoLC)fst01225716</subfield></datafield><datafield ind1=" " ind2="7" tag="651"><subfield code="a">New York (State)</subfield><subfield code="z">Albany County.</subfield><subfield code="2">fast</subfield><subfield code="0">(OCoLC)fst01210357</subfield></datafield><datafield ind1=" " ind2=" " tag="752"><subfield code="a">United States</subfield><subfield code="b">New York</subfield><subfield code="c">Albany</subfield><subfield code="d">Albany.</subfield></datafield><datafield ind1="0" ind2=" " tag="770"><subfield code="t">American weekly (New York, N.Y.)</subfield><subfield code="w">(DLC)sn 00063019</subfield><subfield code="w">(OCoLC)29457998</subfield></datafield><datafield ind1="1" ind2=" " tag="775"><subfield code="t">Albany weekly times</subfield><subfield code="g">1891-1908</subfield><subfield code="w">(DLC)sn 83030787</subfield><subfield code="w">(OCoLC)9669111</subfield></datafield><datafield ind1="1" ind2=" " tag="775"><subfield code="t">Capital region TU</subfield><subfield code="g">&lt;1997-1998&gt;</subfield><subfield code="w">(DLC)sn 97063703</subfield><subfield code="w">(OCoLC)38131547</subfield></datafield><datafield ind1="1" ind2="4" tag="780"><subfield code="t">Albany times (Albany, N.Y.)</subfield><subfield code="w">(DLC)sn 88074033</subfield><subfield code="w">(OCoLC)17420105</subfield></datafield><datafield ind1="1" ind2="4" tag="780"><subfield code="t">Evening union (Albany, N.Y.)</subfield><subfield code="w">(DLC)sn 84031227</subfield><subfield code="w">(OCoLC)10715229</subfield></datafield><datafield ind1="0" ind2="5" tag="780"><subfield code="t">Knickerbocker news (Albany, N.Y. : 1975)</subfield><subfield code="w">(DLC)sn 84031299</subfield><subfield code="w">(OCoLC)5729645</subfield></datafield><datafield ind1="4" ind2="1" tag="856"><subfield code="u">http://www.timesunion.com</subfield></datafield><datafield ind1=" " ind2=" " tag="938"><subfield code="a">Kirtas Technologies, Inc.</subfield><subfield code="b">KRTS</subfield><subfield code="n">735842</subfield></datafield></record>